<record><leader>00000cas a2200000 a 4500</leader><controlfield tag="001">11088818</controlfield><controlfield tag="008">840824d19691989nyuwr ne      0   a0eng c</controlfield><datafield ind1=" " ind2=" " tag="010"><subfield code="a">sn 84031530 </subfield></datafield><datafield ind1=" " ind2=" " tag="040"><subfield code="a">NYG</subfield><subfield code="b">eng</subfield><subfield code="c">NYG</subfield><subfield code="d">NSD</subfield><subfield code="d">OCL</subfield><subfield code="d">NYS</subfield><subfield code="d">OCLCQ</subfield><subfield code="d">OCLCF</subfield><subfield code="d">OCLCO</subfield></datafield><datafield ind1=" " ind2=" " tag="012"><subfield code="l">1</subfield><subfield code="m">1</subfield></datafield><datafield ind1="1" ind2=" " tag="022"><subfield code="a">0893-4304</subfield><subfield code="l">0893-4304</subfield><subfield code="2">1</subfield></datafield><datafield ind1="1" ind2=" " tag="029"><subfield code="a">AU@</subfield><subfield code="b">000025733536</subfield></datafield><datafield ind1=" " ind2=" " tag="032"><subfield code="a">438740</subfield><subfield code="b">USPS</subfield></datafield><datafield ind1=" " ind2=" " tag="042"><subfield code="a">pcc</subfield><subfield code="a">nsdp</subfield></datafield><datafield ind1=" " ind2=" " tag="043"><subfield code="a">n-us-ny</subfield></datafield><datafield ind1=" " ind2="4" tag="050"><subfield code="a">AN2</subfield><subfield code="b">.P6</subfield></datafield><datafield ind1="0" ind2=" " tag="130"><subfield code="a">Port Jefferson record (Port Jefferson, N.Y. : 1969)</subfield></datafield><datafield ind1=" " ind2="0" tag="222"><subfield code="a">Port Jefferson record</subfield><subfield code="b">(1969)</subfield></datafield><datafield ind1="0" ind2="0" tag="245"><subfield code="a">Port Jefferson record.</subfield></datafield><datafield ind1="1" ind2="7" tag="246"><subfield code="a">Port Jefferson-No. Shore record</subfield></datafield><datafield ind1=" " ind2=" " tag="260"><subfield code="a">Port Jefferson, N.Y. :</subfield><subfield code="b">John McKinney,</subfield></datafield><datafield ind1=" " ind2=" " tag="300"><subfield code="a">v. :</subfield><subfield code="b">ill.</subfield></datafield><datafield ind1=" " ind2=" " tag="310"><subfield code="a">Weekly</subfield></datafield><datafield ind1="0" ind2=" " tag="362"><subfield code="a">36th year, no. 25 (Jan. 23, 1969)-v. 56, no. [34] (Mar. 16, 1989).</subfield></datafield><datafield ind1=" " ind2=" " tag="500"><subfield code="a">Published in Port Jefferson, N.Y., Jan. 23, 1969-July 7, 1988; and in Port Jefferson Station, N.Y., July 14, 1988-Mar. 16, 1989.</subfield></datafield><datafield ind1=" " ind2=" " tag="500"><subfield code="a">"Official newspaper of the village of Shoreham and Belle Terre and School District no. 1 towns of Smithtown and Brookhaven."</subfield></datafield><datafield ind1=" " ind2=" " tag="530"><subfield code="a">Available on microfilm from Record Retention &amp; Retrieval Corporation.</subfield></datafield><datafield ind1=" " ind2=" " tag="580"><subfield code="a">Merged with: Bayport Blue Point record, and: Centereach Selden record, and: North Shore record, and: Patchogue Medford record, and: Port Jefferson Station Terryville record, and: Ronkonkoma Holbrook record, to form: Record (Port Jefferson Station, N.Y.).</subfield></datafield><datafield ind1=" " ind2="0" tag="651"><subfield code="a">Port Jefferson Station (N.Y.)</subfield><subfield code="v">Newspapers.</subfield></datafield><datafield ind1=" " ind2="0" tag="651"><subfield code="a">Port Jefferson (N.Y.)</subfield><subfield code="v">Newspapers.</subfield></datafield><datafield ind1=" " ind2="0" tag="651"><subfield code="a">Shoreham (N.Y.)</subfield><subfield code="v">Newspapers.</subfield></datafield><datafield ind1=" " ind2="0" tag="651"><subfield code="a">Belle Terre (N.Y.)</subfield><subfield code="v">Newspapers.</subfield></datafield><datafield ind1=" " ind2="0" tag="651"><subfield code="a">Brookhaven (N.Y. : Town)</subfield><subfield code="v">Newspapers.</subfield></datafield><datafield ind1=" " ind2="0" tag="651"><subfield code="a">Suffolk County (N.Y.)</subfield><subfield code="v">Newspapers.</subfield></datafield><datafield ind1=" " ind2="7" tag="655"><subfield code="a">Newspapers.</subfield><subfield code="2">fast</subfield><subfield code="0">(OCoLC)fst01423814</subfield></datafield><datafield ind1=" " ind2="7" tag="651"><subfield code="a">New York (State)</subfield><subfield code="z">Belle Terre.</subfield><subfield code="2">fast</subfield><subfield code="0">(OCoLC)fst01257821</subfield></datafield><datafield ind1=" " ind2="7" tag="651"><subfield code="a">New York (State)</subfield><subfield code="z">Brookhaven (Town)</subfield><subfield code="2">fast</subfield><subfield code="0">(OCoLC)fst01333178</subfield></datafield><datafield ind1=" " ind2="7" tag="651"><subfield code="a">New York (State)</subfield><subfield code="z">Port Jefferson.</subfield><subfield code="2">fast</subfield><subfield code="0">(OCoLC)fst01203448</subfield></datafield><datafield ind1=" " ind2="7" tag="651"><subfield code="a">New York (State)</subfield><subfield code="z">Port Jefferson Station.</subfield><subfield code="2">fast</subfield><subfield code="0">(OCoLC)fst01257824</subfield></datafield><datafield ind1=" " ind2="7" tag="651"><subfield code="a">New York (State)</subfield><subfield code="z">Shoreham.</subfield><subfield code="2">fast</subfield><subfield code="0">(OCoLC)fst01289915</subfield></datafield><datafield ind1=" " ind2="7" tag="651"><subfield code="a">New York (State)</subfield><subfield code="z">Suffolk County.</subfield><subfield code="2">fast</subfield><subfield code="0">(OCoLC)fst01207260</subfield></datafield><datafield ind1=" " ind2=" " tag="752"><subfield code="a">United States</subfield><subfield code="b">New York</subfield><subfield code="c">Suffolk</subfield><subfield code="d">Port Jefferson Station.</subfield></datafield><datafield ind1=" " ind2=" " tag="752"><subfield code="a">United States</subfield><subfield code="b">New York</subfield><subfield code="c">Suffolk</subfield><subfield code="d">Port Jefferson.</subfield></datafield><datafield ind1="0" ind2="0" tag="780"><subfield code="t">Record (Port Jefferson, N.Y.)</subfield><subfield code="w">(DLC)sn 84031529</subfield><subfield code="w">(OCoLC)11088812</subfield></datafield><datafield ind1="1" ind2="7" tag="785"><subfield code="t">Bayport Blue Point record</subfield><subfield code="w">(DLC)sn 95071264</subfield><subfield code="w">(OCoLC)32745841</subfield></datafield><datafield ind1="1" ind2="7" tag="785"><subfield code="t">Centereach Selden record</subfield><subfield code="w">(DLC)sn 96083541</subfield><subfield code="w">(OCoLC)33961652</subfield></datafield><datafield ind1="1" ind2="7" tag="785"><subfield code="t">North Shore record</subfield><subfield code="w">(DLC)sn 96083542</subfield><subfield code="w">(OCoLC)33961606</subfield></datafield><datafield ind1="1" ind2="7" tag="785"><subfield code="t">Port Jefferson Station Terryville record</subfield><subfield code="w">(DLC)sn 96083543</subfield><subfield code="w">(OCoLC)33961682</subfield></datafield><datafield ind1="1" ind2="7" tag="785"><subfield code="t">Patchogue Medford record</subfield><subfield code="w">(DLC)sn 95071265</subfield><subfield code="w">(OCoLC)31383675</subfield></datafield><datafield ind1="1" ind2="7" tag="785"><subfield code="t">Ronkonkoma Holbrook record</subfield><subfield code="w">(DLC)sn 96083544</subfield><subfield code="w">(OCoLC)33961570</subfield></datafield><datafield ind1="1" ind2="7" tag="785"><subfield code="t">Record (Port Jefferson Station, N.Y.)</subfield><subfield code="w">(DLC)sn 95071266</subfield><subfield code="w">(OCoLC)32747616</subfield></datafield><datafield ind1=" " ind2=" " tag="936"><subfield code="a">54th year, no. 38 (Thursday, Apr. 2, 1987) (surrogate) LIC</subfield></datafield></record>